% Using BibTEX format

%%%%%%%%%%%%%%%%%%%% APPLICATIONS/DOCUMENTATION %%%%%%%%%%%%%%%%%%%%
@misc{ucx_github,
  author       = {Openucx},
  title        = {UCX: Unified Communication X},
  howpublished = {\url{https://github.com/openucx/ucx?tab=readme-ov-file}},
  note         = {Accessed: Oct. 24, 2024}
}

@misc{ucx_documentation,
  title        = {Documentation - UCX-unified communication X},
  howpublished = {\url{https://openucx.org/documentation/}},
  note         = {Accessed: Oct. 24, 2024}
}

@INPROCEEDINGS{ucx_paper,
  author={Shamis, Pavel and Venkata, Manjunath Gorentla and Lopez, M. Graham and Baker, Matthew B. and Hernandez, Oscar and Itigin, Yossi and Dubman, Mike and Shainer, Gilad and Graham, Richard L. and Liss, Liran and Shahar, Yiftah and Potluri, Sreeram and Rossetti, Davide and Becker, Donald and Poole, Duncan and Lamb, Christopher and Kumar, Sameer and Stunkel, Craig and Bosilca, George and Bouteiller, Aurelien},
  booktitle={2015 IEEE 23rd Annual Symposium on High-Performance Interconnects}, 
  title={UCX: An Open Source Framework for HPC Network APIs and Beyond}, 
  year={2015},
  volume={},
  number={},
  pages={40-43},
  doi={10.1109/HOTI.2015.13}}

@misc{cincludegraph,
	title = {{C/C++ Depedency Graphing}},
	url = {https://www.flourish.org/cinclude2dot/},
	urldate = {2024-12-14},
	author = {Irving, Francis},
	year = {2021},
}

@misc{openfabrics_libfabric,
  author       = {OpenFabrics Interfaces},
  title        = {Libfabric OpenFabrics},
  howpublished = {Libfabric Programmer’s Manual, \url{https://ofiwg.github.io/libfabric/}},
  note         = {Accessed: Oct. 24, 2024}
}

@misc{mpiforum,
	title = {{MPI}: {A} {Message}-{Passing} {Interface} {Standard} {Version} 4.0},
	url = {https://www.mpi-forum.org/docs/},
	urldate = {2022-07-20},
	author = {{Message Passing Interface Forum}},
	year = {2021},
}


%%%%%%%%%%%%%%%%%%%% PAPERS %%%%%%%%%%%%%%%%%%%%
@ARTICLE{infiniband_half_round_trip,
  author={Jiuxing Liu and Jiesheng Wu and Sushmitha P. Kini and Darius Buntinas and Weikuan Yu and Balasubraman Chandrasekaran and Ranjit M. Noronha and Pete Wyckoff and Dhabaleswar K. Panda},
  title={MPI over InfiniBand: Early Experiences}, 
  year={2003},
}

@article{optimized_c_survey,
author = {Singh, Pratibha and Sonker, Smriti and Verma, Prabhat},
year = {2015},
month = {04},
pages = {16-18},
title = {Optimization Techniques in C A Survey},
volume = {115},
journal = {International Journal of Computer Applications},
doi = {10.5120/20267-2673}
}

@INPROCEEDINGS{1311050,
  author={Mennie, C.A. and Clarke, C.L.A.},
  booktitle={Proceedings. 12th IEEE International Workshop on Program Comprehension, 2004.}, 
  title={Giving meaning to macros}, 
  year={2004},
  volume={},
  number={},
  pages={79-85},
  keywords={Computer science;Visualization;Computer architecture;Software testing;System testing;Software systems;Program processors},
  doi={10.1109/WPC.2004.1311050}
}


@InProceedings{10.1007/978-3-540-72586-2_111,
    author="Engelmann, Christian
    and Ong, Hong
    and Scott, Stephen L.",
    booktitle="Computational Science -- ICCS 2007",
    title="Middleware in Modern High Performance Computing System Architectures",
    year="2007",
    publisher="Springer Berlin Heidelberg",
    address="Berlin, Heidelberg",
    pages="784--791"
}

@INPROCEEDINGS{5286612,
  author={Ahn, Shin-Young and Kang, Sungwon and Baik, Jongmoon and Choi, Ho-Jin},
  booktitle={2009 10th ACIS International Conference on Software Engineering, Artificial Intelligences, Networking and Parallel/Distributed Computing}, 
  title={A Weighted Call Graph Approach for Finding Relevant Components in Source Code}, 
  year={2009},
  volume={},
  number={},
  pages={539-544},
  doi={10.1109/SNPD.2009.86}
}


@INPROCEEDINGS{792498_bunch,
  author={Mancoridis, S. and Mitchell, B.S. and Chen, Y. and Gansner, E.R.},
  booktitle={Proceedings IEEE International Conference on Software Maintenance - 1999 (ICSM'99). 'Software Maintenance for Business Change' (Cat. No.99CB36360)}, 
  title={Bunch: a clustering tool for the recovery and maintenance of software system structures}, 
  year={1999},
  volume={},
  number={},
  pages={50-59},
  doi={10.1109/ICSM.1999.792498}
}

@INPROCEEDINGS{693283_auto_clustering,
  author={Mancoridis, S. and Mitchell, B.S. and Rorres, C. and Chen, Y. and Gansner, E.R.},
  booktitle={Proceedings. 6th International Workshop on Program Comprehension. IWPC'98 (Cat. No.98TB100242)}, 
  title={Using automatic clustering to produce high-level system organizations of source code}, 
  year={1998},
  volume={},
  number={},
  pages={45-52},
  doi={10.1109/WPC.1998.693283}
}

@article{vulnerability_detection_in_c,
author = {Kaur, Arvinder and Nayyar, Ruchikaa},
year = {2020},
month = {01},
pages = {2023-2029},
title = {A Comparative Study of Static Code Analysis tools for Vulnerability Detection in C/C++ and JAVA Source Code},
volume = {171},
journal = {Procedia Computer Science},
doi = {10.1016/j.procs.2020.04.217}
}

@INCOLLECTION{Dudka2012-gm,
  title     = "An easy to use infrastructure for building static analysis tools",
  booktitle = "Computer Aided Systems Theory -- {EUROCAST} 2011",
  author    = "Dudka, Kamil and Peringer, Petr and Vojnar, Tom{\'a}{\v s}",
  publisher = "Springer Berlin Heidelberg",
  pages     = "527--534",
  series    = "Lecture notes in computer science",
  year      =  2012,
  address   = "Berlin, Heidelberg"
}

@INCOLLECTION{sca_thesis,
  title     = "Static Code Analysis for HPC Use Cases",
  author    = "Röder, Frank and Kuhn, Michael and Droste, Alexander",
  year      =  2017,
  address   = "Hamburg, Germany",
  url = "https://wr.informatik.uni-hamburg.de/_media/research:theses:frank_roeder_static_code_analysis_for_hpc_use_cases.pdf"
}

@InProceedings{10.1007/978-3-030-17872-7_6,
    author="Lopez, M. Graham and Hernandez, Oscar and Budiardja, Reuben D. and Wells, Jack C.",
    editor="Bhatele, Abhinav and Boehme, David and Levine, Joshua A. and Malony, Allen D. and Schulz, Martin",
    title="CAASCADE: A System for Static Analysis of HPC Software Application Portfolios",
    booktitle="Programming and Performance Visualization Tools",
    year="2019",
    publisher="Springer International Publishing",
    address="Cham",
    pages="90--104",
}

@inproceedings{10.1145/1145319.1145328,
author = {Loh, Eugene and Van De Vanter, Michael L. and Votta, Lawrence G.},
title = {Can software engineering solve the HPCS problem?},
year = {2005},
isbn = {1595931171},
publisher = {Association for Computing Machinery},
address = {New York, NY, USA},
url = {https://doi.org/10.1145/1145319.1145328},
doi = {10.1145/1145319.1145328},
booktitle = {Proceedings of the Second International Workshop on Software Engineering for High Performance Computing System Applications},
pages = {27–31},
numpages = {5},
keywords = {software productivity, software maintenance, high performance computing, HPCS},
location = {St. Louis, Missouri},
series = {SE-HPCS '05}
}

@INPROCEEDINGS{9460653,
  author={Welch, Aaron and Hernandez, Oscar and Chapman, Barbara},
  booktitle={2021 IEEE International Parallel and Distributed Processing Symposium Workshops (IPDPSW)}, 
  title={Combining Static and Dynamic Analysis to Query Characteristics of HPC Applications}, 
  year={2021},
  volume={},
  number={},
  pages={420-429},
  keywords={Distributed processing;Program processors;Databases;Conferences;Tools;Programming;Libraries;static analysis;dynamic analysis;databases},
  doi={10.1109/IPDPSW52791.2021.00071}}

@Book{ISO:2001:IICb,
  author =       "{ISO}",
  title =        "{ISO/IEC 9899:1999, Programming languages — C}",
  year =         "1999",
  bibsource =    "https://www.math.utah.edu/pub/tex/bib/isostd.bib",
  URL =          "http://www.iso.org/iso/en/CatalogueDetailPage.CatalogueDetail?CSNUMBER=35952",
}

@INPROCEEDINGS{7194625,
  author={Nanz, Sebastian and Furia, Carlo A.},
  booktitle={2015 IEEE/ACM 37th IEEE International Conference on Software Engineering}, 
  title={A Comparative Study of Programming Languages in Rosetta Code}, 
  year={2015},
  volume={1},
  number={},
  pages={778-788},
  keywords={Java;Programming;Indexes;Statistical analysis;Runtime;Standards},
  doi={10.1109/ICSE.2015.90}}

@misc{rao2020ac2understandingarchitectural,
      title={AC2 -- Towards Understanding Architectural Changes in Rapid Releases}, 
      author={A Eashaan Rao and Dheeraj Vagavolu and Sridhar Chimalakonda},
      year={2020},
      eprint={2012.11348},
      archivePrefix={arXiv},
      primaryClass={cs.SE},
      url={https://arxiv.org/abs/2012.11348}, 
}

@INPROCEEDINGS{8711909,
  author={Vytovtov, Petr and Chuvilin, Kirill},
  booktitle={2019 24th Conference of Open Innovations Association (FRUCT)}, 
  title={Unsupervised Classifying of Software Source Code Using Graph Neural Networks}, 
  year={2019},
  volume={},
  number={},
  pages={518-524},
  keywords={Software;Neural networks;Tools;Static analysis;Task analysis;Decoding;Computer bugs},
  doi={10.23919/FRUCT.2019.8711909}}

@misc{portals4_repo,
  author       = {{Sandia National Laboratories}},
  title        = {Portals 4: High-Performance Network Programming Interface},
  year         = {2024},
  howpublished = {\url{https://github.com/sandialabs/portals4}},
  note         = {Accessed: 2024-12-18}
}

@misc{libfabric_repo,
  author       = {{OpenFabrics Interfaces Working Group (OFIWG)}},
  title        = {libfabric: High-Performance Fabric Software Library},
  year         = {2024},
  howpublished = {\url{https://github.com/ofiwg/libfabric}},
  note         = {Accessed: 2024-12-18}
}


@techreport{portals4.3,
  author       = {Robert B. Ross and Kevin T. Pedretti and Stephen Poole and Ron Brightwell and Arthur B. Maccabe},
  title        = {The Portals 4.3 Network Programming Interface},
  institution  = {Sandia National Laboratories},
  year         = {2018},
  month        = {February},
  number       = {SAND2018-1514},
  url          = {https://www.sandia.gov/app/uploads/sites/175/downloads/Portals4.pdf},
  note         = {Accessed: 2024-12-18}
}

@misc{antlr4github,
  author    = {Terence Parr and ANTLR Community},
  title     = {ANTLR v4 GitHub Repository},
  year      = {2024},
  howpublished = {\url{https://github.com/antlr/antlr4}},
  note      = {Accessed: 2024-12-22}
}

@book{parr2013antlr,
  author    = {Parr, Terence},
  title     = {The Definitive ANTLR 4 Reference},
  year      = {2013},
  publisher = {Pragmatic Bookshelf},
  isbn      = {978-1934356999},
  address   = {Dallas, TX, USA}
}

@book{hopcroft2006automata,
  title     = {Introduction to Automata Theory, Languages, and Computation},
  author    = {Hopcroft, John E. and Motwani, Rajeev and Ullman, Jeffrey D.},
  year      = {2006},
  edition   = {3rd},
  publisher = {Addison-Wesley},
  isbn      = {978-0321455369},
  address   = {Boston, MA, USA}
}


@misc{apache_httpd,
  author       = "{Apache Software Foundation}",
  title        = "{Apache HTTP Server (httpd) Source Code Repository}",
  year         = 2024,
  url          = "https://github.com/apache/httpd/tree/trunk",
  note         = "Accessed: 2024-12-19"
}

@misc{lammps_repository,
  author       = "{LAMMPS Developers}",
  title        = "{LAMMPS Molecular Dynamics Simulator Source Code Repository}",
  year         = 2024,
  url          = "https://github.com/lammps/lammps",
  note         = "Accessed: 2024-12-19"
}


@misc{watteau2024advancedgraphclusteringmethods,
      title={Advanced Graph Clustering Methods: A Comprehensive and In-Depth Analysis}, 
      author={Timothé Watteau and Aubin Bonnefoy and Simon Illouz-Laurent and Joaquim Jusseau and Serge Iovleff},
      year={2024},
      eprint={2407.09055},
      archivePrefix={arXiv},
      primaryClass={stat.ML},
      url={https://arxiv.org/abs/2407.09055}, 
}

@misc{liu2024codexgraphbridginglargelanguage,
      title={CodexGraph: Bridging Large Language Models and Code Repositories via Code Graph Databases}, 
      author={Xiangyan Liu and Bo Lan and Zhiyuan Hu and Yang Liu and Zhicheng Zhang and Fei Wang and Michael Shieh and Wenmeng Zhou},
      year={2024},
      eprint={2408.03910},
      archivePrefix={arXiv},
      primaryClass={cs.SE},
      url={https://arxiv.org/abs/2408.03910}, 
}

@article{10.1145/3093337.3037744,
author = {Wang, Kai and Hussain, Aftab and Zuo, Zhiqiang and Xu, Guoqing and Amiri Sani, Ardalan},
title = {Graspan: A Single-machine Disk-based Graph System for Interprocedural Static Analyses of Large-scale Systems Code},
year = {2017},
issue_date = {March 2017},
publisher = {Association for Computing Machinery},
address = {New York, NY, USA},
volume = {45},
number = {1},
issn = {0163-5964},
url = {https://doi.org/10.1145/3093337.3037744},
doi = {10.1145/3093337.3037744},
journal = {SIGARCH Comput. Archit. News},
month = apr,
pages = {389–404},
numpages = {16},
keywords = {static analysis, graph processing, disk-based systems}
}

@inproceedings{10.1145/3037697.3037744,
author = {Wang, Kai and Hussain, Aftab and Zuo, Zhiqiang and Xu, Guoqing and Amiri Sani, Ardalan},
title = {Graspan: A Single-machine Disk-based Graph System for Interprocedural Static Analyses of Large-scale Systems Code},
year = {2017},
isbn = {9781450344654},
publisher = {Association for Computing Machinery},
address = {New York, NY, USA},
url = {https://doi.org/10.1145/3037697.3037744},
doi = {10.1145/3037697.3037744},
booktitle = {Proceedings of the Twenty-Second International Conference on Architectural Support for Programming Languages and Operating Systems},
pages = {389–404},
numpages = {16},
keywords = {static analysis, graph processing, disk-based systems},
location = {Xi'an, China},
series = {ASPLOS '17}
}


